<?xml version="1.0" encoding="UTF-8"?><collection xmlns="http://www.loc.gov/MARC21/slim"><record><leader>00360nam--2200145-i-4500</leader><controlfield tag="001">000032957</controlfield><controlfield tag="002">20161230</controlfield><controlfield tag="005">20170112000523</controlfield><controlfield tag="008">060222s1000------------r-----000-0-eng-d</controlfield><datafield ind1=" " ind2=" " tag="100"><subfield code="a">Migrdichian, Vartkes</subfield></datafield><datafield ind1=" " ind2=" " tag="245"><subfield code="a">Organic synthesis</subfield></datafield><datafield ind1=" " ind2=" " tag="260"><subfield code="a">New York</subfield><subfield code="b">Reinhold Publ.Corp</subfield><subfield code="c">1957</subfield></datafield><datafield ind1=" " ind2=" " tag="300"><subfield code="a">XXVIII+833 p</subfield></datafield><datafield ind1=" " ind2=" " tag="852"><subfield code="a">15587</subfield></datafield><datafield ind1=" " ind2=" " tag="CAT"><subfield code="a">SYS</subfield><subfield code="c">20170112</subfield><subfield code="h">000523</subfield></datafield></record></collection>